<?xml version="1.0" encoding="UTF-8"?>
  <record xmlns="http://www.loc.gov/MARC21/slim" type="Authority">
    <leader>00000nz  a2200000nc 4500</leader>
    <controlfield tag="001">119792389</controlfield>
    <controlfield tag="003">DE-101</controlfield>
    <controlfield tag="005">20170209171611.0</controlfield>
    <controlfield tag="008">060317n||azznnaabn           | aaa    |c</controlfield>
    <datafield tag="024" ind1="7" ind2=" ">
      <subfield code="a">119792389</subfield>
      <subfield code="0">http://d-nb.info/gnd/119792389</subfield>
      <subfield code="2">gnd</subfield>
    </datafield>
    <datafield tag="035" ind1=" " ind2=" ">
      <subfield code="a">(DE-101)119792389</subfield>
    </datafield>
    <datafield tag="035" ind1=" " ind2=" ">
      <subfield code="a">(DE-588)119792389</subfield>
    </datafield>
    <datafield tag="035" ind1=" " ind2=" ">
      <subfield code="z">(DE-588)1089467265</subfield>
    </datafield>
    <datafield tag="035" ind1=" " ind2=" ">
      <subfield code="z">(DE-588a)119792389</subfield>
      <subfield code="9">v:zg</subfield>
    </datafield>
    <datafield tag="040" ind1=" " ind2=" ">
      <subfield code="a">DE-12</subfield>
      <subfield code="c">DE-12</subfield>
      <subfield code="9">r:DE-12</subfield>
      <subfield code="b">ger</subfield>
      <subfield code="d">9999</subfield>
      <subfield code="e">rda</subfield>
    </datafield>
    <datafield tag="042" ind1=" " ind2=" ">
      <subfield code="a">gnd1</subfield>
    </datafield>
    <datafield tag="043" ind1=" " ind2=" ">
      <subfield code="c">XA-CH</subfield>
      <subfield code="c">XA-DE</subfield>
    </datafield>
    <datafield tag="065" ind1=" " ind2=" ">
      <subfield code="a">3.6p</subfield>
      <subfield code="2">sswd</subfield>
    </datafield>
    <datafield tag="075" ind1=" " ind2=" ">
      <subfield code="b">p</subfield>
      <subfield code="2">gndgen</subfield>
    </datafield>
    <datafield tag="075" ind1=" " ind2=" ">
      <subfield code="b">piz</subfield>
      <subfield code="2">gndspec</subfield>
    </datafield>
    <datafield tag="079" ind1=" " ind2=" ">
      <subfield code="a">g</subfield>
      <subfield code="q">a</subfield>
      <subfield code="q">f</subfield>
      <subfield code="q">t</subfield>
      <subfield code="q">s</subfield>
    </datafield>
    <datafield tag="100" ind1="1" ind2=" ">
      <subfield code="a">Pontisella, Johannes</subfield>
      <subfield code="d">1552-1622</subfield>
    </datafield>
    <datafield tag="375" ind1=" " ind2=" ">
      <subfield code="a">1</subfield>
      <subfield code="2">iso5218</subfield>
    </datafield>
    <datafield tag="400" ind1="1" ind2=" ">
      <subfield code="a">Pontisella, Johann</subfield>
      <subfield code="d">1552-1622</subfield>
    </datafield>
    <datafield tag="400" ind1="1" ind2=" ">
      <subfield code="a">Pontisella, Johann</subfield>
      <subfield code="c">der Jüngere</subfield>
      <subfield code="d">1552-1622</subfield>
    </datafield>
    <datafield tag="500" ind1="1" ind2=" ">
      <subfield code="0">(DE-101)1105504557</subfield>
      <subfield code="0">(DE-588)1105504557</subfield>
      <subfield code="0">https://d-nb.info/gnd/1105504557</subfield>
      <subfield code="a">Pontisella, Johannes</subfield>
      <subfield code="d">1510-1574</subfield>
      <subfield code="4">bezf</subfield>
      <subfield code="4">https://d-nb.info/standards/elementset/gnd#familialRelationship</subfield>
      <subfield code="w">r</subfield>
      <subfield code="i">Beziehung familiaer</subfield>
      <subfield code="e">Beziehung familiaer</subfield>
      <subfield code="9">v:Vater</subfield>
    </datafield>
    <datafield tag="500" ind1="0" ind2=" ">
      <subfield code="0">(DE-101)11855333X</subfield>
      <subfield code="0">(DE-588)11855333X</subfield>
      <subfield code="0">https://d-nb.info/gnd/11855333X</subfield>
      <subfield code="a">Homerus</subfield>
      <subfield code="d">ca. v8. Jh.</subfield>
      <subfield code="4">beza</subfield>
      <subfield code="4">https://d-nb.info/standards/elementset/gnd#acquaintanceshipOrFriendship</subfield>
      <subfield code="w">r</subfield>
      <subfield code="i">Bekanntschaft</subfield>
      <subfield code="e">Bekanntschaft</subfield>
      <subfield code="9">v:VD-16 Mitverf.</subfield>
    </datafield>
    <datafield tag="500" ind1="1" ind2=" ">
      <subfield code="0">(DE-101)100182747</subfield>
      <subfield code="0">(DE-588)100182747</subfield>
      <subfield code="0">https://d-nb.info/gnd/100182747</subfield>
      <subfield code="a">Lavater, Ludwig</subfield>
      <subfield code="d">1527-1586</subfield>
      <subfield code="4">beza</subfield>
      <subfield code="4">https://d-nb.info/standards/elementset/gnd#acquaintanceshipOrFriendship</subfield>
      <subfield code="w">r</subfield>
      <subfield code="i">Bekanntschaft</subfield>
      <subfield code="e">Bekanntschaft</subfield>
      <subfield code="9">v:VD-16 Mitverf.</subfield>
    </datafield>
    <datafield tag="500" ind1="1" ind2=" ">
      <subfield code="0">(DE-101)121606732</subfield>
      <subfield code="0">(DE-588)121606732</subfield>
      <subfield code="0">https://d-nb.info/gnd/121606732</subfield>
      <subfield code="a">Ruinelli, Andrea</subfield>
      <subfield code="d">1555-1617</subfield>
      <subfield code="4">beza</subfield>
      <subfield code="4">https://d-nb.info/standards/elementset/gnd#acquaintanceshipOrFriendship</subfield>
      <subfield code="w">r</subfield>
      <subfield code="i">Bekanntschaft</subfield>
      <subfield code="e">Bekanntschaft</subfield>
      <subfield code="9">v:VD-16 Mitverf.</subfield>
    </datafield>
    <datafield tag="500" ind1="1" ind2=" ">
      <subfield code="0">(DE-101)119850591</subfield>
      <subfield code="0">(DE-588)119850591</subfield>
      <subfield code="0">https://d-nb.info/gnd/119850591</subfield>
      <subfield code="a">Tomann, Sadrach</subfield>
      <subfield code="4">beza</subfield>
      <subfield code="4">https://d-nb.info/standards/elementset/gnd#acquaintanceshipOrFriendship</subfield>
      <subfield code="w">r</subfield>
      <subfield code="i">Bekanntschaft</subfield>
      <subfield code="e">Bekanntschaft</subfield>
      <subfield code="9">v:VD-16 Mitverf.</subfield>
    </datafield>
    <datafield tag="500" ind1="1" ind2=" ">
      <subfield code="0">(DE-101)119702207</subfield>
      <subfield code="0">(DE-588)119702207</subfield>
      <subfield code="0">https://d-nb.info/gnd/119702207</subfield>
      <subfield code="a">Heideck, Jakob</subfield>
      <subfield code="4">beza</subfield>
      <subfield code="4">https://d-nb.info/standards/elementset/gnd#acquaintanceshipOrFriendship</subfield>
      <subfield code="w">r</subfield>
      <subfield code="i">Bekanntschaft</subfield>
      <subfield code="e">Bekanntschaft</subfield>
      <subfield code="9">v:VD-16 Mitverf.</subfield>
    </datafield>
    <datafield tag="500" ind1="1" ind2=" ">
      <subfield code="0">(DE-101)117705756</subfield>
      <subfield code="0">(DE-588)117705756</subfield>
      <subfield code="0">https://d-nb.info/gnd/117705756</subfield>
      <subfield code="a">Vulcanius, Bonaventura</subfield>
      <subfield code="d">1538-1614</subfield>
      <subfield code="4">beza</subfield>
      <subfield code="4">https://d-nb.info/standards/elementset/gnd#acquaintanceshipOrFriendship</subfield>
      <subfield code="w">r</subfield>
      <subfield code="i">Bekanntschaft</subfield>
      <subfield code="e">Bekanntschaft</subfield>
      <subfield code="9">v:VD-16 Mitverf.</subfield>
    </datafield>
    <datafield tag="548" ind1=" " ind2=" ">
      <subfield code="a">1552-1622</subfield>
      <subfield code="4">datl</subfield>
      <subfield code="4">https://d-nb.info/standards/elementset/gnd#dateOfBirthAndDeath</subfield>
      <subfield code="w">r</subfield>
      <subfield code="i">Lebensdaten</subfield>
    </datafield>
    <datafield tag="548" ind1=" " ind2=" ">
      <subfield code="a">XX.XX.1552-03.07.1622</subfield>
      <subfield code="4">datx</subfield>
      <subfield code="4">https://d-nb.info/standards/elementset/gnd#dateOfBirthAndDeath</subfield>
      <subfield code="w">r</subfield>
      <subfield code="i">Exakte Lebensdaten</subfield>
    </datafield>
    <datafield tag="548" ind1=" " ind2=" ">
      <subfield code="a">1566-1596</subfield>
      <subfield code="4">datw</subfield>
      <subfield code="4">https://d-nb.info/standards/elementset/gnd#periodOfActivity</subfield>
      <subfield code="w">r</subfield>
      <subfield code="i">Wirkungsdaten</subfield>
      <subfield code="9">v:Erscheinungsjahre im VD-16</subfield>
    </datafield>
    <datafield tag="550" ind1=" " ind2=" ">
      <subfield code="0">(DE-101)040597563</subfield>
      <subfield code="0">(DE-588)4059756-8</subfield>
      <subfield code="0">https://d-nb.info/gnd/4059756-8</subfield>
      <subfield code="a">Theologe</subfield>
      <subfield code="4">berc</subfield>
      <subfield code="4">https://d-nb.info/standards/elementset/gnd#professionOrOccupation</subfield>
      <subfield code="w">r</subfield>
      <subfield code="i">Charakteristischer Beruf</subfield>
    </datafield>
    <datafield tag="550" ind1=" " ind2=" ">
      <subfield code="0">(DE-101)041325923</subfield>
      <subfield code="0">(DE-588)4132592-8</subfield>
      <subfield code="0">https://d-nb.info/gnd/4132592-8</subfield>
      <subfield code="a">Pfarrer</subfield>
      <subfield code="4">beru</subfield>
      <subfield code="4">https://d-nb.info/standards/elementset/gnd#professionOrOccupation</subfield>
      <subfield code="w">r</subfield>
      <subfield code="i">Beruf</subfield>
    </datafield>
    <datafield tag="551" ind1=" " ind2=" ">
      <subfield code="0">(DE-101)040101894</subfield>
      <subfield code="0">(DE-588)4010189-7</subfield>
      <subfield code="0">https://d-nb.info/gnd/4010189-7</subfield>
      <subfield code="a">Chur</subfield>
      <subfield code="4">ortg</subfield>
      <subfield code="4">https://d-nb.info/standards/elementset/gnd#placeOfBirth</subfield>
      <subfield code="w">r</subfield>
      <subfield code="i">Geburtsort</subfield>
    </datafield>
    <datafield tag="551" ind1=" " ind2=" ">
      <subfield code="0">(DE-101)040101894</subfield>
      <subfield code="0">(DE-588)4010189-7</subfield>
      <subfield code="0">https://d-nb.info/gnd/4010189-7</subfield>
      <subfield code="a">Chur</subfield>
      <subfield code="4">orts</subfield>
      <subfield code="4">https://d-nb.info/standards/elementset/gnd#placeOfDeath</subfield>
      <subfield code="w">r</subfield>
      <subfield code="i">Sterbeort</subfield>
    </datafield>
    <datafield tag="667" ind1=" " ind2=" ">
      <subfield code="a">VD-16</subfield>
    </datafield>
    <datafield tag="667" ind1=" " ind2=" ">
      <subfield code="a">Maschinell eingespielt aus VD-16</subfield>
    </datafield>
    <datafield tag="670" ind1=" " ind2=" ">
      <subfield code="a">Wikipedia</subfield>
    </datafield>
    <datafield tag="672" ind1=" " ind2="0">
      <subfield code="a">Homerus: HYMNVS IN VENEREM, GRAECE ̀OLIM AB HOMERO SCRIPTVS: NVNC LATINE ̀A ̀IO. PONTISELLA ... 1590. (VD16 H 4651)</subfield>
    </datafield>
    <datafield tag="672" ind1=" " ind2="0">
      <subfield code="a">Lavater, Ludwig: BEATI IOBI FIDES El CONFESSIO DE RESVRRECTIONE MORTVORVM, NOVISSIMO iudicio, &amp; vita ... 1587. (VD16 L 821)</subfield>
    </datafield>
    <datafield tag="672" ind1=" " ind2="0">
      <subfield code="a">Lavater, Ludwig: DE PESTILENTIA CONCIO LVDOVICI LAVATERI, IN qua ostenditur, vnde sit &amp; quare immitatur: ... 1586. (VD16 L 833)</subfield>
    </datafield>
    <datafield tag="672" ind1=" " ind2="0">
      <subfield code="a">Lavater, Ludwig: HOMILIA DE PERSEQVVTIONIBVS, ALIISQVE CALAMITATIbus &amp; afflictionibus patienter ... 1587. (VD16 L 831)</subfield>
    </datafield>
    <datafield tag="672" ind1=" " ind2="0">
      <subfield code="a">Lavater, Ludwig: LIBER HESTHERAE HOMILIIS XLVII A LVDOVICO LAVATERO TIGVRINO GERMANICA LINGVA EXPOSItus: ... 1585. (VD16 L 819)</subfield>
    </datafield>
    <datafield tag="672" ind1=" " ind2="0">
      <subfield code="a">Lavater, Ludwig: NABAL. NARRATIO DE VITA ET OBITV NABALIS EBRIOSI: I. Samuelis XXV. descripta, Homilijs X ... 1586. (VD16 L 826)</subfield>
    </datafield>
    <datafield tag="672" ind1=" " ind2="0">
      <subfield code="a">Pontisella, Johannes: CATECHISMVS. Kurtzer Bericht der Houptpuncten Christenlicher Religion für die Kirchen ... 1596. (VD16 P 4250)</subfield>
    </datafield>
    <datafield tag="672" ind1=" " ind2="0">
      <subfield code="a">Simler, Josias: Oratio funebris. 1575. (VD16 S 6507)</subfield>
    </datafield>
    <datafield tag="672" ind1=" " ind2="0">
      <subfield code="a">Ruinelli, Andreas: ETYMOLOGIAE PARS ALTERA. IN VSVM SCHOLAE CATHEDRALIS, &amp; quae illustrium trium Foederum ... 1588. (VD16 R 3634)</subfield>
    </datafield>
    <datafield tag="672" ind1=" " ind2="0">
      <subfield code="a">Simler, Josias: Vita clarissimi philosophi et medici excellentissimi Conradi Gesneri. 1566. (VD16 S 6521)</subfield>
    </datafield>
    <datafield tag="678" ind1=" " ind2=" ">
      <subfield code="b">Als Sohn des gleichnamigen Schulleiters 1552 in Chur geboren. 1567 besuchte er die Schola Tigurina in Zürich. Drei Jahre später studierte er Theologie an der Universität Heidelberg. 1573 wieder in Chur nachweisbar. In dieser Zeit war er wohl auch Lehrer an der Nikolaischule h, wo er Konflikte mit Ulrich Campell hatte. Als dieser seines Amtes enthoben wurde, stellte man Pontisella 1574 als dessen Nachfolger als Pfarrer an der Regulakirche ein. Seine Lehrstelle vernachlässigte er dabei nicht. Im Jahr nach der Ernennung zum Pfarrer nahm ihn die evangelisch-rätische Synode auf. Noch im gleichen Jahr erhielt er von Heinrich Bullinger den Auftrag, eine Arbeit über die Geschichte Graubündens anzufertigen. Ob er den Auftrag auch ausgeführt hat, ist heute nicht mehr zu beantworten, jedenfalls finden sich keine Hinweise auf eine solche Arbeit. Pontisella hatte sich häufiger an politischen Gesprächen in Chur beteiligt. Man warf ihm Hispanismus vor, womit er als Gegner Frankreichs galt. Wohl durch Intrigen der Anhänger der franz. Partei schloss die Synode Pontisella im Jahr 1606 aus. Die offizielle Begründung dabei lag im Hispanismus. Nur wer Mitglied der Synode war, durfte damals Pfarrer im Freistaat der Drei Bünde sein, und mit seiner Ausscheidung verlor Pontisella somit auch seine Pfarrämter. Die restliche Zeit seines Lebens verbrachte er arbeitslos, wandte sich aber weiterhin theologischen Werken zu. Er starb am 3. Juli 1622 in Chur.</subfield>
    </datafield>
    <datafield tag="678" ind1=" " ind2=" ">
      <subfield code="b">Verf.; Bearb.; Beitr. im VD-16</subfield>
    </datafield>
    <datafield tag="913" ind1=" " ind2=" ">
      <subfield code="S">pnd</subfield>
      <subfield code="i">a</subfield>
      <subfield code="a">Pontisella, Johannes</subfield>
      <subfield code="0">(DE-588a)119792389</subfield>
    </datafield>
  </record>
